%YAML 1.1
%TAG !u! tag:unity3d.com,2011:
--- !u!1 &3039349424661194050
GameObject:
  m_ObjectHideFlags: 0
  m_CorrespondingSourceObject: {fileID: 0}
  m_PrefabInstance: {fileID: 0}
  m_PrefabAsset: {fileID: 0}
  serializedVersion: 6
  m_Component:
  - component: {fileID: 6454246184842472507}
  m_Layer: 0
  m_Name: Archer
  m_TagString: Warrior
  m_Icon: {fileID: 0}
  m_NavMeshLayer: 0
  m_StaticEditorFlags: 0
  m_IsActive: 1
--- !u!4 &6454246184842472507
Transform:
  m_ObjectHideFlags: 0
  m_CorrespondingSourceObject: {fileID: 0}
  m_PrefabInstance: {fileID: 0}
  m_PrefabAsset: {fileID: 0}
  m_GameObject: {fileID: 3039349424661194050}
  m_LocalRotation: {x: 0, y: 0, z: 0, w: 1}
  m_LocalPosition: {x: 0, y: 0, z: 0}
  m_LocalScale: {x: 1, y: 1, z: 1}
  m_Children:
  - {fileID: 7098812200259711242}
  m_Father: {fileID: 0}
  m_RootOrder: 0
  m_LocalEulerAnglesHint: {x: 0, y: 0, z: 0}
--- !u!1 &4692030524958085235
GameObject:
  m_ObjectHideFlags: 0
  m_CorrespondingSourceObject: {fileID: 0}
  m_PrefabInstance: {fileID: 0}
  m_PrefabAsset: {fileID: 0}
  serializedVersion: 6
  m_Component:
  - component: {fileID: 7098812200259711242}
  - component: {fileID: 7602282686284453784}
  - component: {fileID: 6066372799617308230}
  - component: {fileID: 8681384544751082303}
  - component: {fileID: 2096046452020201977}
  - component: {fileID: 5021926212462580501}
  - component: {fileID: 5082794277841699166}
  - component: {fileID: 5010593326053367953}
  - component: {fileID: 8829240178332790387}
  m_Layer: 0
  m_Name: Archer
  m_TagString: Archer
  m_Icon: {fileID: 0}
  m_NavMeshLayer: 0
  m_StaticEditorFlags: 0
  m_IsActive: 1
--- !u!4 &7098812200259711242
Transform:
  m_ObjectHideFlags: 0
  m_CorrespondingSourceObject: {fileID: 0}
  m_PrefabInstance: {fileID: 0}
  m_PrefabAsset: {fileID: 0}
  m_GameObject: {fileID: 4692030524958085235}
  m_LocalRotation: {x: 0, y: 0, z: 0, w: 1}
  m_LocalPosition: {x: 0, y: 0, z: 0}
  m_LocalScale: {x: 1, y: 1, z: 1}
  m_Children:
  - {fileID: 5590279038534815491}
  - {fileID: 6472649696673611798}
  m_Father: {fileID: 6454246184842472507}
  m_RootOrder: 0
  m_LocalEulerAnglesHint: {x: 0, y: 0, z: 0}
--- !u!33 &7602282686284453784
MeshFilter:
  m_ObjectHideFlags: 0
  m_CorrespondingSourceObject: {fileID: 0}
  m_PrefabInstance: {fileID: 0}
  m_PrefabAsset: {fileID: 0}
  m_GameObject: {fileID: 4692030524958085235}
  m_Mesh: {fileID: 10206, guid: 0000000000000000e000000000000000, type: 0}
--- !u!23 &6066372799617308230
MeshRenderer:
  m_ObjectHideFlags: 0
  m_CorrespondingSourceObject: {fileID: 0}
  m_PrefabInstance: {fileID: 0}
  m_PrefabAsset: {fileID: 0}
  m_GameObject: {fileID: 4692030524958085235}
  m_Enabled: 1
  m_CastShadows: 1
  m_ReceiveShadows: 1
  m_DynamicOccludee: 1
  m_MotionVectors: 1
  m_LightProbeUsage: 1
  m_ReflectionProbeUsage: 1
  m_RayTracingMode: 2
  m_RayTraceProcedural: 0
  m_RenderingLayerMask: 1
  m_RendererPriority: 0
  m_Materials:
  - {fileID: 2100000, guid: ead98de1de0012d408787ac82862e054, type: 2}
  m_StaticBatchInfo:
    firstSubMesh: 0
    subMeshCount: 0
  m_StaticBatchRoot: {fileID: 0}
  m_ProbeAnchor: {fileID: 0}
  m_LightProbeVolumeOverride: {fileID: 0}
  m_ScaleInLightmap: 1
  m_ReceiveGI: 1
  m_PreserveUVs: 0
  m_IgnoreNormalsForChartDetection: 0
  m_ImportantGI: 0
  m_StitchLightmapSeams: 1
  m_SelectedEditorRenderState: 3
  m_MinimumChartSize: 4
  m_AutoUVMaxDistance: 0.5
  m_AutoUVMaxAngle: 89
  m_LightmapParameters: {fileID: 0}
  m_SortingLayerID: 0
  m_SortingLayer: 0
  m_SortingOrder: 0
  m_AdditionalVertexStreams: {fileID: 0}
--- !u!136 &8681384544751082303
CapsuleCollider:
  m_ObjectHideFlags: 0
  m_CorrespondingSourceObject: {fileID: 0}
  m_PrefabInstance: {fileID: 0}
  m_PrefabAsset: {fileID: 0}
  m_GameObject: {fileID: 4692030524958085235}
  m_Material: {fileID: 0}
  m_IsTrigger: 0
  m_Enabled: 1
  m_Radius: 0.5000001
  m_Height: 2
  m_Direction: 1
  m_Center: {x: 0.000000059604645, y: 0, z: -0.00000008940697}
--- !u!114 &2096046452020201977
MonoBehaviour:
  m_ObjectHideFlags: 0
  m_CorrespondingSourceObject: {fileID: 0}
  m_PrefabInstance: {fileID: 0}
  m_PrefabAsset: {fileID: 0}
  m_GameObject: {fileID: 4692030524958085235}
  m_Enabled: 1
  m_EditorHideFlags: 0
  m_Script: {fileID: 11500000, guid: a5ab2abc7ba4acb42bc8a093d01103b1, type: 3}
  m_Name: 
  m_EditorClassIdentifier: 
--- !u!114 &5021926212462580501
MonoBehaviour:
  m_ObjectHideFlags: 0
  m_CorrespondingSourceObject: {fileID: 0}
  m_PrefabInstance: {fileID: 0}
  m_PrefabAsset: {fileID: 0}
  m_GameObject: {fileID: 4692030524958085235}
  m_Enabled: 1
  m_EditorHideFlags: 0
  m_Script: {fileID: 11500000, guid: a9e30b129be92854fa4e16102c5b00b6, type: 3}
  m_Name: 
  m_EditorClassIdentifier: 
  archerAgent: {fileID: 5010593326053367953}
  archerAnimator: {fileID: 5082794277841699166}
  currPosition: {x: 0, y: 0, z: 0}
  wood: 0
--- !u!95 &5082794277841699166
Animator:
  serializedVersion: 3
  m_ObjectHideFlags: 0
  m_CorrespondingSourceObject: {fileID: 0}
  m_PrefabInstance: {fileID: 0}
  m_PrefabAsset: {fileID: 0}
  m_GameObject: {fileID: 4692030524958085235}
  m_Enabled: 1
  m_Avatar: {fileID: 0}
  m_Controller: {fileID: 9100000, guid: f66f49e890966a14b8c9d12ae877811f, type: 2}
  m_CullingMode: 0
  m_UpdateMode: 0
  m_ApplyRootMotion: 0
  m_LinearVelocityBlending: 0
  m_WarningMessage: 
  m_HasTransformHierarchy: 1
  m_AllowConstantClipSamplingOptimization: 1
  m_KeepAnimatorControllerStateOnDisable: 0
--- !u!195 &5010593326053367953
NavMeshAgent:
  m_ObjectHideFlags: 0
  m_CorrespondingSourceObject: {fileID: 0}
  m_PrefabInstance: {fileID: 0}
  m_PrefabAsset: {fileID: 0}
  m_GameObject: {fileID: 4692030524958085235}
  m_Enabled: 1
  m_AgentTypeID: 0
  m_Radius: 0.5000001
  m_Speed: 4.5
  m_Acceleration: 8
  avoidancePriority: 50
  m_AngularSpeed: 120
  m_StoppingDistance: 0
  m_AutoTraverseOffMeshLink: 1
  m_AutoBraking: 1
  m_AutoRepath: 1
  m_Height: 2
  m_BaseOffset: 1
  m_WalkableMask: 4294967295
  m_ObstacleAvoidanceType: 4
--- !u!54 &8829240178332790387
Rigidbody:
  m_ObjectHideFlags: 0
  m_CorrespondingSourceObject: {fileID: 0}
  m_PrefabInstance: {fileID: 0}
  m_PrefabAsset: {fileID: 0}
  m_GameObject: {fileID: 4692030524958085235}
  serializedVersion: 2
  m_Mass: 1
  m_Drag: 0
  m_AngularDrag: 0.05
  m_UseGravity: 1
  m_IsKinematic: 0
  m_Interpolate: 0
  m_Constraints: 112
  m_CollisionDetection: 0
--- !u!1001 &5340724177203849448
PrefabInstance:
  m_ObjectHideFlags: 0
  serializedVersion: 2
  m_Modification:
    m_TransformParent: {fileID: 7098812200259711242}
    m_Modifications:
    - target: {fileID: -8679921383154817045, guid: 6a284d1e9df75e94ba97a48e9d25e6be, type: 3}
      propertyPath: m_RootOrder
      value: 0
      objectReference: {fileID: 0}
    - target: {fileID: -8679921383154817045, guid: 6a284d1e9df75e94ba97a48e9d25e6be, type: 3}
      propertyPath: m_LocalScale.x
      value: -2892.4949
      objectReference: {fileID: 0}
    - target: {fileID: -8679921383154817045, guid: 6a284d1e9df75e94ba97a48e9d25e6be, type: 3}
      propertyPath: m_LocalScale.y
      value: -2892.4927
      objectReference: {fileID: 0}
    - target: {fileID: -8679921383154817045, guid: 6a284d1e9df75e94ba97a48e9d25e6be, type: 3}
      propertyPath: m_LocalScale.z
      value: -15.683836
      objectReference: {fileID: 0}
    - target: {fileID: -8679921383154817045, guid: 6a284d1e9df75e94ba97a48e9d25e6be, type: 3}
      propertyPath: m_LocalPosition.x
      value: 0.39
      objectReference: {fileID: 0}
    - target: {fileID: -8679921383154817045, guid: 6a284d1e9df75e94ba97a48e9d25e6be, type: 3}
      propertyPath: m_LocalPosition.y
      value: -1.6
      objectReference: {fileID: 0}
    - target: {fileID: -8679921383154817045, guid: 6a284d1e9df75e94ba97a48e9d25e6be, type: 3}
      propertyPath: m_LocalPosition.z
      value: 0
      objectReference: {fileID: 0}
    - target: {fileID: -8679921383154817045, guid: 6a284d1e9df75e94ba97a48e9d25e6be, type: 3}
      propertyPath: m_LocalRotation.w
      value: 0
      objectReference: {fileID: 0}
    - target: {fileID: -8679921383154817045, guid: 6a284d1e9df75e94ba97a48e9d25e6be, type: 3}
      propertyPath: m_LocalRotation.x
      value: -0
      objectReference: {fileID: 0}
    - target: {fileID: -8679921383154817045, guid: 6a284d1e9df75e94ba97a48e9d25e6be, type: 3}
      propertyPath: m_LocalRotation.y
      value: -0.7071068
      objectReference: {fileID: 0}
    - target: {fileID: -8679921383154817045, guid: 6a284d1e9df75e94ba97a48e9d25e6be, type: 3}
      propertyPath: m_LocalRotation.z
      value: -0.7071068
      objectReference: {fileID: 0}
    - target: {fileID: 919132149155446097, guid: 6a284d1e9df75e94ba97a48e9d25e6be, type: 3}
      propertyPath: m_Name
      value: FOV
      objectReference: {fileID: 0}
    - target: {fileID: 919132149155446097, guid: 6a284d1e9df75e94ba97a48e9d25e6be, type: 3}
      propertyPath: m_Layer
      value: 6
      objectReference: {fileID: 0}
    m_RemovedComponents: []
  m_SourcePrefab: {fileID: 100100000, guid: 6a284d1e9df75e94ba97a48e9d25e6be, type: 3}
--- !u!4 &5590279038534815491 stripped
Transform:
  m_CorrespondingSourceObject: {fileID: -8679921383154817045, guid: 6a284d1e9df75e94ba97a48e9d25e6be, type: 3}
  m_PrefabInstance: {fileID: 5340724177203849448}
  m_PrefabAsset: {fileID: 0}
--- !u!1001 &6798678308150585341
PrefabInstance:
  m_ObjectHideFlags: 0
  serializedVersion: 2
  m_Modification:
    m_TransformParent: {fileID: 7098812200259711242}
    m_Modifications:
    - target: {fileID: -8679921383154817045, guid: 874bbd373ced654448c9805b07dac597, type: 3}
      propertyPath: m_RootOrder
      value: 1
      objectReference: {fileID: 0}
    - target: {fileID: -8679921383154817045, guid: 874bbd373ced654448c9805b07dac597, type: 3}
      propertyPath: m_LocalScale.x
      value: 182.17
      objectReference: {fileID: 0}
    - target: {fileID: -8679921383154817045, guid: 874bbd373ced654448c9805b07dac597, type: 3}
      propertyPath: m_LocalScale.y
      value: 182.17003
      objectReference: {fileID: 0}
    - target: {fileID: -8679921383154817045, guid: 874bbd373ced654448c9805b07dac597, type: 3}
      propertyPath: m_LocalScale.z
      value: 182.17003
      objectReference: {fileID: 0}
    - target: {fileID: -8679921383154817045, guid: 874bbd373ced654448c9805b07dac597, type: 3}
      propertyPath: m_LocalPosition.x
      value: -0
      objectReference: {fileID: 0}
    - target: {fileID: -8679921383154817045, guid: 874bbd373ced654448c9805b07dac597, type: 3}
      propertyPath: m_LocalPosition.y
      value: -0.64
      objectReference: {fileID: 0}
    - target: {fileID: -8679921383154817045, guid: 874bbd373ced654448c9805b07dac597, type: 3}
      propertyPath: m_LocalPosition.z
      value: 0.06
      objectReference: {fileID: 0}
    - target: {fileID: -8679921383154817045, guid: 874bbd373ced654448c9805b07dac597, type: 3}
      propertyPath: m_LocalRotation.y
      value: -0
      objectReference: {fileID: 0}
    - target: {fileID: -7511558181221131132, guid: 874bbd373ced654448c9805b07dac597, type: 3}
      propertyPath: m_Materials.Array.data[0]
      value: 
      objectReference: {fileID: 2100000, guid: 96ed3d082da91fe478df441243ae66de, type: 2}
    - target: {fileID: 919132149155446097, guid: 874bbd373ced654448c9805b07dac597, type: 3}
      propertyPath: m_IsActive
      value: 0
      objectReference: {fileID: 0}
    m_RemovedComponents: []
  m_SourcePrefab: {fileID: 100100000, guid: 874bbd373ced654448c9805b07dac597, type: 3}
--- !u!4 &6472649696673611798 stripped
Transform:
  m_CorrespondingSourceObject: {fileID: -8679921383154817045, guid: 874bbd373ced654448c9805b07dac597, type: 3}
  m_PrefabInstance: {fileID: 6798678308150585341}
  m_PrefabAsset: {fileID: 0}
