%YAML 1.1
%TAG !u! tag:unity3d.com,2011:
--- !u!1 &1256874709526576792
GameObject:
  m_ObjectHideFlags: 0
  m_CorrespondingSourceObject: {fileID: 0}
  m_PrefabInstance: {fileID: 0}
  m_PrefabAsset: {fileID: 0}
  serializedVersion: 6
  m_Component:
  - component: {fileID: 1889964070529967138}
  - component: {fileID: 3284632496175557511}
  - component: {fileID: 752572362962984781}
  - component: {fileID: 2139272710725971594}
  - component: {fileID: 2139272710725971595}
  m_Layer: 2
  m_Name: OakLogTwo
  m_TagString: Untagged
  m_Icon: {fileID: 0}
  m_NavMeshLayer: 0
  m_StaticEditorFlags: 0
  m_IsActive: 1
--- !u!4 &1889964070529967138
Transform:
  m_ObjectHideFlags: 0
  m_CorrespondingSourceObject: {fileID: 0}
  m_PrefabInstance: {fileID: 0}
  m_PrefabAsset: {fileID: 0}
  m_GameObject: {fileID: 1256874709526576792}
  m_LocalRotation: {x: 0.5867207, y: 0.6745696, z: 0.338038, w: 0.2940153}
  m_LocalPosition: {x: 45.233467, y: 2.7, z: 20.74}
  m_LocalScale: {x: 100, y: 100, z: 100}
  m_Children:
  - {fileID: 2139272710482784040}
  - {fileID: 2139272711371528948}
  - {fileID: 2139272710843468341}
  - {fileID: 2139272712042584667}
  - {fileID: 2139272711274018163}
  m_Father: {fileID: 0}
  m_RootOrder: 0
  m_LocalEulerAnglesHint: {x: -6.376, y: 127.035, z: 85.211}
--- !u!33 &3284632496175557511
MeshFilter:
  m_ObjectHideFlags: 0
  m_CorrespondingSourceObject: {fileID: 0}
  m_PrefabInstance: {fileID: 0}
  m_PrefabAsset: {fileID: 0}
  m_GameObject: {fileID: 1256874709526576792}
  m_Mesh: {fileID: -1711276982302177960, guid: 6312c4aca37020d468597d6939a00ff7, type: 3}
--- !u!23 &752572362962984781
MeshRenderer:
  m_ObjectHideFlags: 0
  m_CorrespondingSourceObject: {fileID: 0}
  m_PrefabInstance: {fileID: 0}
  m_PrefabAsset: {fileID: 0}
  m_GameObject: {fileID: 1256874709526576792}
  m_Enabled: 1
  m_CastShadows: 1
  m_ReceiveShadows: 1
  m_DynamicOccludee: 1
  m_MotionVectors: 1
  m_LightProbeUsage: 1
  m_ReflectionProbeUsage: 1
  m_RayTracingMode: 2
  m_RayTraceProcedural: 0
  m_RenderingLayerMask: 1
  m_RendererPriority: 0
  m_Materials:
  - {fileID: 2295699958525706655, guid: 6312c4aca37020d468597d6939a00ff7, type: 3}
  m_StaticBatchInfo:
    firstSubMesh: 0
    subMeshCount: 0
  m_StaticBatchRoot: {fileID: 0}
  m_ProbeAnchor: {fileID: 0}
  m_LightProbeVolumeOverride: {fileID: 0}
  m_ScaleInLightmap: 1
  m_ReceiveGI: 1
  m_PreserveUVs: 0
  m_IgnoreNormalsForChartDetection: 0
  m_ImportantGI: 0
  m_StitchLightmapSeams: 1
  m_SelectedEditorRenderState: 3
  m_MinimumChartSize: 4
  m_AutoUVMaxDistance: 0.5
  m_AutoUVMaxAngle: 89
  m_LightmapParameters: {fileID: 0}
  m_SortingLayerID: 0
  m_SortingLayer: 0
  m_SortingOrder: 0
  m_AdditionalVertexStreams: {fileID: 0}
--- !u!54 &2139272710725971594
Rigidbody:
  m_ObjectHideFlags: 0
  m_CorrespondingSourceObject: {fileID: 0}
  m_PrefabInstance: {fileID: 0}
  m_PrefabAsset: {fileID: 0}
  m_GameObject: {fileID: 1256874709526576792}
  serializedVersion: 2
  m_Mass: 20
  m_Drag: 0
  m_AngularDrag: 0.05
  m_UseGravity: 1
  m_IsKinematic: 0
  m_Interpolate: 0
  m_Constraints: 0
  m_CollisionDetection: 0
--- !u!65 &2139272710725971595
BoxCollider:
  m_ObjectHideFlags: 0
  m_CorrespondingSourceObject: {fileID: 0}
  m_PrefabInstance: {fileID: 0}
  m_PrefabAsset: {fileID: 0}
  m_GameObject: {fileID: 1256874709526576792}
  m_Material: {fileID: 0}
  m_IsTrigger: 0
  m_Enabled: 1
  serializedVersion: 2
  m_Size: {x: 0.0047483793, y: 0.0029173326, z: 0.0025831892}
  m_Center: {x: -0.0023290568, y: -0.011105898, z: -0.025958747}
--- !u!1 &2139272710482784041
GameObject:
  m_ObjectHideFlags: 0
  m_CorrespondingSourceObject: {fileID: 0}
  m_PrefabInstance: {fileID: 0}
  m_PrefabAsset: {fileID: 0}
  serializedVersion: 6
  m_Component:
  - component: {fileID: 2139272710482784040}
  - component: {fileID: 2139272710482784043}
  m_Layer: 2
  m_Name: BranchOne
  m_TagString: Untagged
  m_Icon: {fileID: 0}
  m_NavMeshLayer: 0
  m_StaticEditorFlags: 0
  m_IsActive: 1
--- !u!4 &2139272710482784040
Transform:
  m_ObjectHideFlags: 0
  m_CorrespondingSourceObject: {fileID: 0}
  m_PrefabInstance: {fileID: 0}
  m_PrefabAsset: {fileID: 0}
  m_GameObject: {fileID: 2139272710482784041}
  m_LocalRotation: {x: -0.10899617, y: -0.00913249, z: -0.012222052, w: 0.9939251}
  m_LocalPosition: {x: -0.0004, y: -0.0093, z: -0.0365}
  m_LocalScale: {x: 0.007789889, y: 0.007789889, z: 0.007789889}
  m_Children: []
  m_Father: {fileID: 1889964070529967138}
  m_RootOrder: 0
  m_LocalEulerAnglesHint: {x: -12.527, y: -0.909, z: -1.309}
--- !u!65 &2139272710482784043
BoxCollider:
  m_ObjectHideFlags: 0
  m_CorrespondingSourceObject: {fileID: 0}
  m_PrefabInstance: {fileID: 0}
  m_PrefabAsset: {fileID: 0}
  m_GameObject: {fileID: 2139272710482784041}
  m_Material: {fileID: 0}
  m_IsTrigger: 0
  m_Enabled: 1
  serializedVersion: 2
  m_Size: {x: 0.7713583, y: 0.87245154, z: 9.173301}
  m_Center: {x: -0.11432557, y: -0.32672936, z: 4.086664}
--- !u!1 &2139272710843468338
GameObject:
  m_ObjectHideFlags: 0
  m_CorrespondingSourceObject: {fileID: 0}
  m_PrefabInstance: {fileID: 0}
  m_PrefabAsset: {fileID: 0}
  serializedVersion: 6
  m_Component:
  - component: {fileID: 2139272710843468341}
  - component: {fileID: 2139272710843468340}
  m_Layer: 2
  m_Name: BranchThree
  m_TagString: Untagged
  m_Icon: {fileID: 0}
  m_NavMeshLayer: 0
  m_StaticEditorFlags: 0
  m_IsActive: 1
--- !u!4 &2139272710843468341
Transform:
  m_ObjectHideFlags: 0
  m_CorrespondingSourceObject: {fileID: 0}
  m_PrefabInstance: {fileID: 0}
  m_PrefabAsset: {fileID: 0}
  m_GameObject: {fileID: 2139272710843468338}
  m_LocalRotation: {x: -0.2701252, y: -0.37843654, z: -0.53798366, w: 0.70313007}
  m_LocalPosition: {x: 0.00042292758, y: 0.0031880992, z: 0.0012853864}
  m_LocalScale: {x: 0.007789889, y: 0.007789889, z: 0.007789889}
  m_Children: []
  m_Father: {fileID: 1889964070529967138}
  m_RootOrder: 2
  m_LocalEulerAnglesHint: {x: -51.911, y: -23.05, z: -63.504}
--- !u!65 &2139272710843468340
BoxCollider:
  m_ObjectHideFlags: 0
  m_CorrespondingSourceObject: {fileID: 0}
  m_PrefabInstance: {fileID: 0}
  m_PrefabAsset: {fileID: 0}
  m_GameObject: {fileID: 2139272710843468338}
  m_Material: {fileID: 0}
  m_IsTrigger: 0
  m_Enabled: 1
  serializedVersion: 2
  m_Size: {x: 0.47686324, y: 0.7775008, z: 2.075592}
  m_Center: {x: -0.15445809, y: -0.8986488, z: 0.92672414}
--- !u!1 &2139272711274018160
GameObject:
  m_ObjectHideFlags: 0
  m_CorrespondingSourceObject: {fileID: 0}
  m_PrefabInstance: {fileID: 0}
  m_PrefabAsset: {fileID: 0}
  serializedVersion: 6
  m_Component:
  - component: {fileID: 2139272711274018163}
  - component: {fileID: 2139272711274018162}
  - component: {fileID: 2139272711274018165}
  m_Layer: 2
  m_Name: LogPickUp
  m_TagString: Untagged
  m_Icon: {fileID: 0}
  m_NavMeshLayer: 0
  m_StaticEditorFlags: 0
  m_IsActive: 1
--- !u!4 &2139272711274018163
Transform:
  m_ObjectHideFlags: 0
  m_CorrespondingSourceObject: {fileID: 0}
  m_PrefabInstance: {fileID: 0}
  m_PrefabAsset: {fileID: 0}
  m_GameObject: {fileID: 2139272711274018160}
  m_LocalRotation: {x: -0.12608676, y: -0.0105645945, z: -0.01413822, w: 0.9918622}
  m_LocalPosition: {x: 0.000000007083492, y: -0.000000014685693, z: 0.000000012211124}
  m_LocalScale: {x: 0.032459, y: 0.032459, z: 0.032459}
  m_Children: []
  m_Father: {fileID: 1889964070529967138}
  m_RootOrder: 4
  m_LocalEulerAnglesHint: {x: -14.502, y: -1.029, z: -1.502}
--- !u!65 &2139272711274018162
BoxCollider:
  m_ObjectHideFlags: 0
  m_CorrespondingSourceObject: {fileID: 0}
  m_PrefabInstance: {fileID: 0}
  m_PrefabAsset: {fileID: 0}
  m_GameObject: {fileID: 2139272711274018160}
  m_Material: {fileID: 0}
  m_IsTrigger: 1
  m_Enabled: 1
  serializedVersion: 2
  m_Size: {x: 1, y: 1, z: 2.3014066}
  m_Center: {x: -0.000000009847045, y: -0.000002151007, z: -0.17754893}
--- !u!114 &2139272711274018165
MonoBehaviour:
  m_ObjectHideFlags: 0
  m_CorrespondingSourceObject: {fileID: 0}
  m_PrefabInstance: {fileID: 0}
  m_PrefabAsset: {fileID: 0}
  m_GameObject: {fileID: 2139272711274018160}
  m_Enabled: 1
  m_EditorHideFlags: 0
  m_Script: {fileID: 11500000, guid: 02d748b4b881a5e48a737a94a0d41753, type: 3}
  m_Name: 
  m_EditorClassIdentifier: 
--- !u!1 &2139272711371528949
GameObject:
  m_ObjectHideFlags: 0
  m_CorrespondingSourceObject: {fileID: 0}
  m_PrefabInstance: {fileID: 0}
  m_PrefabAsset: {fileID: 0}
  serializedVersion: 6
  m_Component:
  - component: {fileID: 2139272711371528948}
  - component: {fileID: 2139272711371528951}
  m_Layer: 2
  m_Name: BranchTwo
  m_TagString: Untagged
  m_Icon: {fileID: 0}
  m_NavMeshLayer: 0
  m_StaticEditorFlags: 0
  m_IsActive: 1
--- !u!4 &2139272711371528948
Transform:
  m_ObjectHideFlags: 0
  m_CorrespondingSourceObject: {fileID: 0}
  m_PrefabInstance: {fileID: 0}
  m_PrefabAsset: {fileID: 0}
  m_GameObject: {fileID: 2139272711371528949}
  m_LocalRotation: {x: -0.54613835, y: 0.13005042, z: -0.5147168, w: 0.6479865}
  m_LocalPosition: {x: 0.01150938, y: -0.0059995246, z: -0.03448158}
  m_LocalScale: {x: 0.007789889, y: 0.007789889, z: 0.007789889}
  m_Children: []
  m_Father: {fileID: 1889964070529967138}
  m_RootOrder: 1
  m_LocalEulerAnglesHint: {x: -35.023, y: 63.168, z: -98.879}
--- !u!65 &2139272711371528951
BoxCollider:
  m_ObjectHideFlags: 0
  m_CorrespondingSourceObject: {fileID: 0}
  m_PrefabInstance: {fileID: 0}
  m_PrefabAsset: {fileID: 0}
  m_GameObject: {fileID: 2139272711371528949}
  m_Material: {fileID: 0}
  m_IsTrigger: 0
  m_Enabled: 1
  serializedVersion: 2
  m_Size: {x: 0.4768632, y: 0.41710928, z: 2.2294834}
  m_Center: {x: -0.15446247, y: -0.7184433, z: -0.03608924}
--- !u!1 &2139272712042584664
GameObject:
  m_ObjectHideFlags: 0
  m_CorrespondingSourceObject: {fileID: 0}
  m_PrefabInstance: {fileID: 0}
  m_PrefabAsset: {fileID: 0}
  serializedVersion: 6
  m_Component:
  - component: {fileID: 2139272712042584667}
  - component: {fileID: 2139272712042584666}
  m_Layer: 2
  m_Name: BranchFour
  m_TagString: Untagged
  m_Icon: {fileID: 0}
  m_NavMeshLayer: 0
  m_StaticEditorFlags: 0
  m_IsActive: 1
--- !u!4 &2139272712042584667
Transform:
  m_ObjectHideFlags: 0
  m_CorrespondingSourceObject: {fileID: 0}
  m_PrefabInstance: {fileID: 0}
  m_PrefabAsset: {fileID: 0}
  m_GameObject: {fileID: 2139272712042584664}
  m_LocalRotation: {x: -0.38341773, y: 0.24950853, z: -0.7922305, w: 0.4038655}
  m_LocalPosition: {x: 0.00859, y: -0.0023, z: 0.02256}
  m_LocalScale: {x: 0.007789889, y: 0.007789889, z: 0.007789889}
  m_Children: []
  m_Father: {fileID: 1889964070529967138}
  m_RootOrder: 3
  m_LocalEulerAnglesHint: {x: 4.913, y: 54.295, z: -123.456}
--- !u!65 &2139272712042584666
BoxCollider:
  m_ObjectHideFlags: 0
  m_CorrespondingSourceObject: {fileID: 0}
  m_PrefabInstance: {fileID: 0}
  m_PrefabAsset: {fileID: 0}
  m_GameObject: {fileID: 2139272712042584664}
  m_Material: {fileID: 0}
  m_IsTrigger: 0
  m_Enabled: 1
  serializedVersion: 2
  m_Size: {x: 0.3431585, y: 0.4171093, z: 2.0973833}
  m_Center: {x: -0.08761105, y: -0.71844155, z: -0.10214044}
