%YAML 1.1
%TAG !u! tag:unity3d.com,2011:
--- !u!1 &3707753741434714511
GameObject:
  m_ObjectHideFlags: 0
  m_CorrespondingSourceObject: {fileID: 0}
  m_PrefabInstance: {fileID: 0}
  m_PrefabAsset: {fileID: 0}
  serializedVersion: 6
  m_Component:
  - component: {fileID: 4053036043361264437}
  - component: {fileID: 1121569325617523856}
  - component: {fileID: 2915071484734527578}
  - component: {fileID: 4590856542740956378}
  - component: {fileID: 4590856542740956379}
  m_Layer: 2
  m_Name: OakLogThree
  m_TagString: Untagged
  m_Icon: {fileID: 0}
  m_NavMeshLayer: 0
  m_StaticEditorFlags: 0
  m_IsActive: 1
--- !u!4 &4053036043361264437
Transform:
  m_ObjectHideFlags: 0
  m_CorrespondingSourceObject: {fileID: 0}
  m_PrefabInstance: {fileID: 0}
  m_PrefabAsset: {fileID: 0}
  m_GameObject: {fileID: 3707753741434714511}
  m_LocalRotation: {x: 0.33208194, y: 0.42372444, z: 0.6632891, w: 0.5198335}
  m_LocalPosition: {x: 45.120457, y: 3.6212745, z: 27.24}
  m_LocalScale: {x: 100, y: 100, z: 100}
  m_Children:
  - {fileID: 4590856542735060027}
  - {fileID: 4590856541910620801}
  - {fileID: 4590856542852272519}
  - {fileID: 4590856542806796014}
  - {fileID: 4590856542959813085}
  m_Father: {fileID: 0}
  m_RootOrder: 0
  m_LocalEulerAnglesHint: {x: -12.524, y: 64.494, z: 95.907}
--- !u!33 &1121569325617523856
MeshFilter:
  m_ObjectHideFlags: 0
  m_CorrespondingSourceObject: {fileID: 0}
  m_PrefabInstance: {fileID: 0}
  m_PrefabAsset: {fileID: 0}
  m_GameObject: {fileID: 3707753741434714511}
  m_Mesh: {fileID: -6522489354805415323, guid: 7c06acf1c36f13444ab89c1023b07a16, type: 3}
--- !u!23 &2915071484734527578
MeshRenderer:
  m_ObjectHideFlags: 0
  m_CorrespondingSourceObject: {fileID: 0}
  m_PrefabInstance: {fileID: 0}
  m_PrefabAsset: {fileID: 0}
  m_GameObject: {fileID: 3707753741434714511}
  m_Enabled: 1
  m_CastShadows: 1
  m_ReceiveShadows: 1
  m_DynamicOccludee: 1
  m_MotionVectors: 1
  m_LightProbeUsage: 1
  m_ReflectionProbeUsage: 1
  m_RayTracingMode: 2
  m_RayTraceProcedural: 0
  m_RenderingLayerMask: 1
  m_RendererPriority: 0
  m_Materials:
  - {fileID: 2295699958525706655, guid: 7c06acf1c36f13444ab89c1023b07a16, type: 3}
  m_StaticBatchInfo:
    firstSubMesh: 0
    subMeshCount: 0
  m_StaticBatchRoot: {fileID: 0}
  m_ProbeAnchor: {fileID: 0}
  m_LightProbeVolumeOverride: {fileID: 0}
  m_ScaleInLightmap: 1
  m_ReceiveGI: 1
  m_PreserveUVs: 0
  m_IgnoreNormalsForChartDetection: 0
  m_ImportantGI: 0
  m_StitchLightmapSeams: 1
  m_SelectedEditorRenderState: 3
  m_MinimumChartSize: 4
  m_AutoUVMaxDistance: 0.5
  m_AutoUVMaxAngle: 89
  m_LightmapParameters: {fileID: 0}
  m_SortingLayerID: 0
  m_SortingLayer: 0
  m_SortingOrder: 0
  m_AdditionalVertexStreams: {fileID: 0}
--- !u!54 &4590856542740956378
Rigidbody:
  m_ObjectHideFlags: 0
  m_CorrespondingSourceObject: {fileID: 0}
  m_PrefabInstance: {fileID: 0}
  m_PrefabAsset: {fileID: 0}
  m_GameObject: {fileID: 3707753741434714511}
  serializedVersion: 2
  m_Mass: 20
  m_Drag: 0
  m_AngularDrag: 0.05
  m_UseGravity: 1
  m_IsKinematic: 0
  m_Interpolate: 0
  m_Constraints: 0
  m_CollisionDetection: 0
--- !u!65 &4590856542740956379
BoxCollider:
  m_ObjectHideFlags: 0
  m_CorrespondingSourceObject: {fileID: 0}
  m_PrefabInstance: {fileID: 0}
  m_PrefabAsset: {fileID: 0}
  m_GameObject: {fileID: 3707753741434714511}
  m_Material: {fileID: 0}
  m_IsTrigger: 0
  m_Enabled: 1
  serializedVersion: 2
  m_Size: {x: 0.020092396, y: 0.02080003, z: 0.082387544}
  m_Center: {x: -0.0020549705, y: 0.0055904505, z: -0.015340886}
--- !u!1 &4590856541910620806
GameObject:
  m_ObjectHideFlags: 0
  m_CorrespondingSourceObject: {fileID: 0}
  m_PrefabInstance: {fileID: 0}
  m_PrefabAsset: {fileID: 0}
  serializedVersion: 6
  m_Component:
  - component: {fileID: 4590856541910620801}
  - component: {fileID: 4590856541910620800}
  m_Layer: 2
  m_Name: BranchTwo
  m_TagString: Untagged
  m_Icon: {fileID: 0}
  m_NavMeshLayer: 0
  m_StaticEditorFlags: 0
  m_IsActive: 1
--- !u!4 &4590856541910620801
Transform:
  m_ObjectHideFlags: 0
  m_CorrespondingSourceObject: {fileID: 0}
  m_PrefabInstance: {fileID: 0}
  m_PrefabAsset: {fileID: 0}
  m_GameObject: {fileID: 4590856541910620806}
  m_LocalRotation: {x: -0.03735459, y: -0.03881062, z: 0.86366934, w: 0.50117224}
  m_LocalPosition: {x: -0.0168, y: 0.0074, z: -0.025}
  m_LocalScale: {x: 0.020386, y: 0.020386, z: 0.020386}
  m_Children: []
  m_Father: {fileID: 4053036043361264437}
  m_RootOrder: 1
  m_LocalEulerAnglesHint: {x: 1.696, y: -5.939, z: 119.66}
--- !u!65 &4590856541910620800
BoxCollider:
  m_ObjectHideFlags: 0
  m_CorrespondingSourceObject: {fileID: 0}
  m_PrefabInstance: {fileID: 0}
  m_PrefabAsset: {fileID: 0}
  m_GameObject: {fileID: 4590856541910620806}
  m_Material: {fileID: 0}
  m_IsTrigger: 0
  m_Enabled: 1
  serializedVersion: 2
  m_Size: {x: 0.41080567, y: 1.6840308, z: 0.27351078}
  m_Center: {x: -0.2945929, y: -1.7866156, z: 0.087862544}
--- !u!1 &4590856542735060024
GameObject:
  m_ObjectHideFlags: 0
  m_CorrespondingSourceObject: {fileID: 0}
  m_PrefabInstance: {fileID: 0}
  m_PrefabAsset: {fileID: 0}
  serializedVersion: 6
  m_Component:
  - component: {fileID: 4590856542735060027}
  - component: {fileID: 4590856542735060026}
  m_Layer: 2
  m_Name: BranchOne
  m_TagString: Untagged
  m_Icon: {fileID: 0}
  m_NavMeshLayer: 0
  m_StaticEditorFlags: 0
  m_IsActive: 1
--- !u!4 &4590856542735060027
Transform:
  m_ObjectHideFlags: 0
  m_CorrespondingSourceObject: {fileID: 0}
  m_PrefabInstance: {fileID: 0}
  m_PrefabAsset: {fileID: 0}
  m_GameObject: {fileID: 4590856542735060024}
  m_LocalRotation: {x: -0.28918087, y: 0.061040625, z: -0.03606584, w: 0.9546454}
  m_LocalPosition: {x: 0.0021, y: -0.0097, z: -0.0161}
  m_LocalScale: {x: 0.020386, y: 0.020386, z: 0.020386}
  m_Children: []
  m_Father: {fileID: 4053036043361264437}
  m_RootOrder: 0
  m_LocalEulerAnglesHint: {x: -33.211, y: 9.452, z: -7.152}
--- !u!65 &4590856542735060026
BoxCollider:
  m_ObjectHideFlags: 0
  m_CorrespondingSourceObject: {fileID: 0}
  m_PrefabInstance: {fileID: 0}
  m_PrefabAsset: {fileID: 0}
  m_GameObject: {fileID: 4590856542735060024}
  m_Material: {fileID: 0}
  m_IsTrigger: 0
  m_Enabled: 1
  serializedVersion: 2
  m_Size: {x: 0.471593, y: 3.1286256, z: 0.4045435}
  m_Center: {x: -0.26420337, y: -1.0643154, z: 0.022338243}
--- !u!1 &4590856542806796015
GameObject:
  m_ObjectHideFlags: 0
  m_CorrespondingSourceObject: {fileID: 0}
  m_PrefabInstance: {fileID: 0}
  m_PrefabAsset: {fileID: 0}
  serializedVersion: 6
  m_Component:
  - component: {fileID: 4590856542806796014}
  - component: {fileID: 4590856542806796009}
  m_Layer: 2
  m_Name: BranchFour
  m_TagString: Untagged
  m_Icon: {fileID: 0}
  m_NavMeshLayer: 0
  m_StaticEditorFlags: 0
  m_IsActive: 1
--- !u!4 &4590856542806796014
Transform:
  m_ObjectHideFlags: 0
  m_CorrespondingSourceObject: {fileID: 0}
  m_PrefabInstance: {fileID: 0}
  m_PrefabAsset: {fileID: 0}
  m_GameObject: {fileID: 4590856542806796015}
  m_LocalRotation: {x: -0.32490954, y: -0.6768023, z: 0.6224463, w: -0.22120835}
  m_LocalPosition: {x: 0.002, y: 0.00678, z: -0.02073}
  m_LocalScale: {x: 0.020386, y: 0.020386, z: 0.020386}
  m_Children: []
  m_Father: {fileID: 4053036043361264437}
  m_RootOrder: 3
  m_LocalEulerAnglesHint: {x: 80.502, y: -140.46, z: 85.137}
--- !u!65 &4590856542806796009
BoxCollider:
  m_ObjectHideFlags: 0
  m_CorrespondingSourceObject: {fileID: 0}
  m_PrefabInstance: {fileID: 0}
  m_PrefabAsset: {fileID: 0}
  m_GameObject: {fileID: 4590856542806796015}
  m_Material: {fileID: 0}
  m_IsTrigger: 0
  m_Enabled: 1
  serializedVersion: 2
  m_Size: {x: 0.19696115, y: 1.6211166, z: 0.1800833}
  m_Center: {x: -0.18767294, y: -1.7551665, z: 0.04114887}
--- !u!1 &4590856542852272516
GameObject:
  m_ObjectHideFlags: 0
  m_CorrespondingSourceObject: {fileID: 0}
  m_PrefabInstance: {fileID: 0}
  m_PrefabAsset: {fileID: 0}
  serializedVersion: 6
  m_Component:
  - component: {fileID: 4590856542852272519}
  - component: {fileID: 4590856542852272518}
  m_Layer: 2
  m_Name: BranchThree
  m_TagString: Untagged
  m_Icon: {fileID: 0}
  m_NavMeshLayer: 0
  m_StaticEditorFlags: 0
  m_IsActive: 1
--- !u!4 &4590856542852272519
Transform:
  m_ObjectHideFlags: 0
  m_CorrespondingSourceObject: {fileID: 0}
  m_PrefabInstance: {fileID: 0}
  m_PrefabAsset: {fileID: 0}
  m_GameObject: {fileID: 4590856542852272516}
  m_LocalRotation: {x: -0.25673556, y: -0.19607835, z: 0.94540834, w: 0.042934034}
  m_LocalPosition: {x: 0.001280739, y: -0.007400126, z: 0.0102515835}
  m_LocalScale: {x: 0.020386, y: 0.020386, z: 0.020386}
  m_Children: []
  m_Father: {fileID: 4053036043361264437}
  m_RootOrder: 2
  m_LocalEulerAnglesHint: {x: 20.408, y: -32.406, z: 168.811}
--- !u!65 &4590856542852272518
BoxCollider:
  m_ObjectHideFlags: 0
  m_CorrespondingSourceObject: {fileID: 0}
  m_PrefabInstance: {fileID: 0}
  m_PrefabAsset: {fileID: 0}
  m_GameObject: {fileID: 4590856542852272516}
  m_Material: {fileID: 0}
  m_IsTrigger: 0
  m_Enabled: 1
  serializedVersion: 2
  m_Size: {x: 0.19696124, y: 1.6840298, z: 0.1800833}
  m_Center: {x: -0.1876694, y: -1.7866217, z: 0.041148707}
--- !u!1 &4590856542959813026
GameObject:
  m_ObjectHideFlags: 0
  m_CorrespondingSourceObject: {fileID: 0}
  m_PrefabInstance: {fileID: 0}
  m_PrefabAsset: {fileID: 0}
  serializedVersion: 6
  m_Component:
  - component: {fileID: 4590856542959813085}
  - component: {fileID: 4590856542959813087}
  - component: {fileID: 4590856542959813084}
  m_Layer: 2
  m_Name: LogPickUp
  m_TagString: Untagged
  m_Icon: {fileID: 0}
  m_NavMeshLayer: 0
  m_StaticEditorFlags: 0
  m_IsActive: 1
--- !u!4 &4590856542959813085
Transform:
  m_ObjectHideFlags: 0
  m_CorrespondingSourceObject: {fileID: 0}
  m_PrefabInstance: {fileID: 0}
  m_PrefabAsset: {fileID: 0}
  m_GameObject: {fileID: 4590856542959813026}
  m_LocalRotation: {x: 0, y: 0, z: 0, w: 1}
  m_LocalPosition: {x: 0.000000013747, y: -0.0000000022148, z: -0.000000040594}
  m_LocalScale: {x: 0.077572, y: 0.077572, z: 0.077572}
  m_Children: []
  m_Father: {fileID: 4053036043361264437}
  m_RootOrder: 4
  m_LocalEulerAnglesHint: {x: 0, y: 0, z: 0}
--- !u!65 &4590856542959813087
BoxCollider:
  m_ObjectHideFlags: 0
  m_CorrespondingSourceObject: {fileID: 0}
  m_PrefabInstance: {fileID: 0}
  m_PrefabAsset: {fileID: 0}
  m_GameObject: {fileID: 4590856542959813026}
  m_Material: {fileID: 0}
  m_IsTrigger: 1
  m_Enabled: 1
  serializedVersion: 2
  m_Size: {x: 1, y: 1.2100741, z: 1.2668146}
  m_Center: {x: 0.0000000023123454, y: -0.105037086, z: -0.09698502}
--- !u!114 &4590856542959813084
MonoBehaviour:
  m_ObjectHideFlags: 0
  m_CorrespondingSourceObject: {fileID: 0}
  m_PrefabInstance: {fileID: 0}
  m_PrefabAsset: {fileID: 0}
  m_GameObject: {fileID: 4590856542959813026}
  m_Enabled: 1
  m_EditorHideFlags: 0
  m_Script: {fileID: 11500000, guid: 02d748b4b881a5e48a737a94a0d41753, type: 3}
  m_Name: 
  m_EditorClassIdentifier: 
